@ARTICLE{2013MNRAS.432.1483C,
       author = {{Carrasco Kind}, Matias and {Brunner}, Robert J.},
        title = "{TPZ: photometric redshift PDFs and ancillary information by using prediction trees and random forests}",
      journal = {\mnras},
     keywords = {methods: data analysis, methods: statistical, surveys, galaxies: distances and redshift, galaxies: statistics, Astrophysics - Cosmology and Nongalactic Astrophysics},
         year = 2013,
        month = jun,
       volume = {432},
       number = {2},
        pages = {1483-1501},
          doi = {10.1093/mnras/stt574},
archivePrefix = {arXiv},
       eprint = {1303.7269},
 primaryClass = {astro-ph.CO},
       adsurl = {https://ui.adsabs.harvard.edu/abs/2013MNRAS.432.1483C},
      adsnote = {Provided by the SAO/NASA Astrophysics Data System}
}
@ARTICLE{2016MNRAS.462..726A,
       author = {{Almosallam}, Ibrahim A. and {Jarvis}, Matt J. and {Roberts}, Stephen J.},
        title = "{GPZ: non-stationary sparse Gaussian processes for heteroscedastic uncertainty estimation in photometric redshifts}",
      journal = {\mnras},
     keywords = {methods: data analysis, galaxies: distances and redshifts, Astrophysics - Instrumentation and Methods for Astrophysics, I.2.6},
         year = 2016,
        month = oct,
       volume = {462},
       number = {1},
        pages = {726-739},
          doi = {10.1093/mnras/stw1618},
archivePrefix = {arXiv},
       eprint = {1604.03593},
 primaryClass = {astro-ph.IM},
       adsurl = {https://ui.adsabs.harvard.edu/abs/2016MNRAS.462..726A},
      adsnote = {Provided by the SAO/NASA Astrophysics Data System}
}

%  you will need to comment out the \bibliography{P5-215} line in your P5-215.tex file

%    example how to to reference another paper in this volume, use something like P4-24 for the PID

@ARTICLE{2020AstL...46..429D,
       author = {{Dodin}, A.~V. and others},
        title = "{Optical Spectroscopy of SRG/eROSITA Objects with 2.5-m Telescope at the Caucasus Mountain Observatory of the SAI MSU}",
      journal = {Astronomy Letters},
         year = 2020,
        month = nov,
       volume = {46},
       number = {7},
        pages = {429-438},
          doi = {10.1134/S106377372007004X},
       adsurl = {https://ui.adsabs.harvard.edu/abs/2020AstL...46..429D},
      adsnote = {Provided by the SAO/NASA Astrophysics Data System}
}

@ARTICLE{2018A&A...613A..51P,
       author = {{P{\^a}ris}, Isabelle and others},
        title = "{The Sloan Digital Sky Survey Quasar Catalog: Fourteenth data release}",
      journal = {\aap},
     keywords = {catalogs, surveys, quasars: general, Astrophysics - Astrophysics of Galaxies, Astrophysics - Cosmology and Nongalactic Astrophysics},
         year = 2018,
        month = may,
       volume = {613},
          eid = {A51},
        pages = {A51},
          doi = {10.1051/0004-6361/201732445},
archivePrefix = {arXiv},
       eprint = {1712.05029},
 primaryClass = {astro-ph.GA},
       adsurl = {https://ui.adsabs.harvard.edu/abs/2018A&A...613A..51P},
      adsnote = {Provided by the SAO/NASA Astrophysics Data System}
}

@ARTICLE{2010AJ....140.1868W,
       author = {{Wright}, Edward L. and others},
        title = "{The Wide-field Infrared Survey Explorer (WISE): Mission Description and Initial On-orbit Performance}",
      journal = {\aj},
     keywords = {infrared: general, space vehicles, surveys, Astrophysics - Instrumentation and Methods for Astrophysics},
         year = 2010,
        month = dec,
       volume = {140},
       number = {6},
        pages = {1868-1881},
          doi = {10.1088/0004-6256/140/6/1868},
archivePrefix = {arXiv},
       eprint = {1008.0031},
 primaryClass = {astro-ph.IM},
       adsurl = {https://ui.adsabs.harvard.edu/abs/2010AJ....140.1868W},
      adsnote = {Provided by the SAO/NASA Astrophysics Data System}
}

@ARTICLE{2019NatAs...3..212S,
       author = {{Salvato}, Mara and {Ilbert}, Olivier and {Hoyle}, Ben},
        title = "{The many flavours of photometric redshifts}",
      journal = {Nature Astronomy},
     keywords = {Astrophysics - Astrophysics of Galaxies},
         year = 2019,
        month = jun,
       volume = {3},
        pages = {212-222},
          doi = {10.1038/s41550-018-0478-0},
archivePrefix = {arXiv},
       eprint = {1805.12574},
 primaryClass = {astro-ph.GA},
       adsurl = {https://ui.adsabs.harvard.edu/abs/2019NatAs...3..212S},
      adsnote = {Provided by the SAO/NASA Astrophysics Data System}
}

@ARTICLE{2020arXiv201003477P,
       author = {{Predehl}, P. and others},
        title = "{The eROSITA X-ray telescope on SRG}",
      journal = {arXiv e-prints},
     keywords = {Astrophysics - High Energy Astrophysical Phenomena, Astrophysics - Instrumentation and Methods for Astrophysics},
         year = 2020,
        month = oct,
          eid = {arXiv:2010.03477},
        pages = {arXiv:2010.03477},
archivePrefix = {arXiv},
       eprint = {2010.03477},
 primaryClass = {astro-ph.HE},
       adsurl = {https://ui.adsabs.harvard.edu/abs/2020arXiv201003477P},
      adsnote = {Provided by the SAO/NASA Astrophysics Data System}
}

@ARTICLE{2018ApJS..235...42A,
       author = {{Abolfathi}, Bela and others},
        title = "{The Fourteenth Data Release of the Sloan Digital Sky Survey: First Spectroscopic Data from the Extended Baryon Oscillation Spectroscopic Survey and from the Second Phase of the Apache Point Observatory Galactic Evolution Experiment}",
      journal = {\apjs},
     keywords = {atlases, catalogs, surveys, Astrophysics - Astrophysics of Galaxies, Astrophysics - Instrumentation and Methods for Astrophysics},
         year = 2018,
        month = apr,
       volume = {235},
       number = {2},
          eid = {42},
        pages = {42},
          doi = {10.3847/1538-4365/aa9e8a},
archivePrefix = {arXiv},
       eprint = {1707.09322},
 primaryClass = {astro-ph.GA},
       adsurl = {https://ui.adsabs.harvard.edu/abs/2018ApJS..235...42A},
      adsnote = {Provided by the SAO/NASA Astrophysics Data System}
}

@INPROCEEDINGS{2018AAS...23110201C,
       author = {{Chambers}, Kenneth and {Pan-STARRS Team}},
        title = "{The Pan-STARRS1 Surveys}",
    booktitle = {American Astronomical Society Meeting Abstracts \#231},
         year = 2018,
       series = {American Astronomical Society Meeting Abstracts},
       volume = {231},
        month = jan,
          eid = {102.01},
        pages = {102.01},
       adsurl = {https://ui.adsabs.harvard.edu/abs/2018AAS...23110201C},
      adsnote = {Provided by the SAO/NASA Astrophysics Data System}
}

@ARTICLE{2019AJ....157..168D,
       author = {{Dey}, Arjun and others},
        title = "{Overview of the DESI Legacy Imaging Surveys}",
      journal = {\aj},
     keywords = {catalogs, surveys, Astrophysics - Instrumentation and Methods for Astrophysics},
         year = 2019,
        month = may,
       volume = {157},
       number = {5},
          eid = {168},
        pages = {168},
          doi = {10.3847/1538-3881/ab089d},
archivePrefix = {arXiv},
       eprint = {1804.08657},
 primaryClass = {astro-ph.IM},
       adsurl = {https://ui.adsabs.harvard.edu/abs/2019AJ....157..168D},
      adsnote = {Provided by the SAO/NASA Astrophysics Data System}
}



@ARTICLE{2011ApJ...737..103S,
       author = {{Schlafly}, Edward F. and {Finkbeiner}, Douglas P.},
        title = "{Measuring Reddening with Sloan Digital Sky Survey Stellar Spectra and Recalibrating SFD}",
      journal = {\apj},
     keywords = {dust, extinction, Galaxy: stellar content, ISM: clouds, Astrophysics - Galaxy Astrophysics},
         year = 2011,
        month = aug,
       volume = {737},
       number = {2},
          eid = {103},
        pages = {103},
          doi = {10.1088/0004-637X/737/2/103},
archivePrefix = {arXiv},
       eprint = {1012.4804},
 primaryClass = {astro-ph.GA},
       adsurl = {https://ui.adsabs.harvard.edu/abs/2011ApJ...737..103S},
      adsnote = {Provided by the SAO/NASA Astrophysics Data System}
}



@ARTICLE{2020MNRAS.494..789R,
       author = {{Ross}, Nicholas P. and {Cross}, Nicholas J.~G.},
        title = "{The near and mid-infrared photometric properties of known redshift z {\ensuremath{\geq}} 5 quasars}",
      journal = {\mnras},
     keywords = {galaxies: evolution, quasars: general, infrared: galaxies, galaxies: high-redshift, Astrophysics - Astrophysics of Galaxies},
         year = 2020,
        month = mar,
       volume = {494},
       number = {1},
        pages = {789-803},
          doi = {10.1093/mnras/staa544},
archivePrefix = {arXiv},
       eprint = {1906.06974},
 primaryClass = {astro-ph.GA},
       adsurl = {https://ui.adsabs.harvard.edu/abs/2020MNRAS.494..789R},
      adsnote = {Provided by the SAO/NASA Astrophysics Data System}
}


@ARTICLE{2017ApJ...850...66A,
       author = {{Ananna}, Tonima Tasnim and others},
        title = "{AGN Populations in Large-volume X-Ray Surveys: Photometric Redshifts and Population Types Found in the Stripe 82X Survey}",
      journal = {\apj},
     keywords = {catalogs, quasars: absorption lines, quasars: emission lines, quasars: general, techniques: photometric, techniques: spectroscopic, Astrophysics - Astrophysics of Galaxies},
         year = 2017,
        month = nov,
       volume = {850},
       number = {1},
          eid = {66},
        pages = {66},
          doi = {10.3847/1538-4357/aa937d},
archivePrefix = {arXiv},
       eprint = {1710.01296},
 primaryClass = {astro-ph.GA},
       adsurl = {https://ui.adsabs.harvard.edu/abs/2017ApJ...850...66A},
      adsnote = {Provided by the SAO/NASA Astrophysics Data System}
}

@ARTICLE{2001MachL..45....5B,
       author = {{Breiman}, Leo},
        title = "{Random Forests.}",
      journal = {Machine Learning},
     keywords = {machine learning},
         year = 2001,
        month = jan,
       volume = {45},
        pages = {5-32},
          doi = {10.1023/A:1010933404324},
       adsurl = {https://ui.adsabs.harvard.edu/abs/2001MachL..45....5B},
      adsnote = {Provided by the SAO/NASA Astrophysics Data System}
}

@article{JMLR:v7:meinshausen06a,
  author  = {Nicolai Meinshausen},
  title   = {Quantile Regression Forests},
  journal = {Journal of Machine Learning Research},
  year    = {2006},
  volume  = {7},
  number  = {35},
  pages   = {983-999},
  url     = {http://jmlr.org/papers/v7/meinshausen06a.html}
}

@ARTICLE{2020MNRAS.499.1587S,
       author = {{Schmidt}, S.~J. and others},
        title = "{Evaluation of probabilistic photometric redshift estimation approaches for The Rubin Observatory Legacy Survey of Space and Time (LSST)}",
      journal = {\mnras},
     keywords = {methods: statistical, galaxies: distances and redshifts, galaxies: statistics, Astrophysics - Cosmology and Nongalactic Astrophysics, Astrophysics - Instrumentation and Methods for Astrophysics},
         year = 2020,
        month = sep,
       volume = {499},
       number = {2},
        pages = {1587-1606},
          doi = {10.1093/mnras/staa2799},
archivePrefix = {arXiv},
       eprint = {2001.03621},
 primaryClass = {astro-ph.CO},
       adsurl = {https://ui.adsabs.harvard.edu/abs/2020MNRAS.499.1587S},
      adsnote = {Provided by the SAO/NASA Astrophysics Data System}
}

@ARTICLE{2020arXiv200912112E,
       author = {{Euclid Collaboration} and others},
        title = "{Euclid preparation: X. The Euclid photometric-redshift challenge}",
      journal = {arXiv e-prints},
     keywords = {Astrophysics - Astrophysics of Galaxies, Astrophysics - Cosmology and Nongalactic Astrophysics},
         year = 2020,
        month = sep,
          eid = {arXiv:2009.12112},
        pages = {arXiv:2009.12112},
archivePrefix = {arXiv},
       eprint = {2009.12112},
 primaryClass = {astro-ph.GA},
       adsurl = {https://ui.adsabs.harvard.edu/abs/2020arXiv200912112E},
      adsnote = {Provided by the SAO/NASA Astrophysics Data System}
}

@ARTICLE{2018AstL...44..735M,
       author = {{Meshcheryakov}, A.~V. and {Glazkova}, V.~V. and {Gerasimov}, S.~V. and
         {Mashechkin}, I.~V.},
        title = "{Measuring the Probabilistic Photometric Redshifts of X-ray Quasars Based on the Quantile Regression of Ensembles of Decision Trees}",
      journal = {Astronomy Letters},
     keywords = {quasars, photometric redshifts, machine learning, quantile regression, decision trees, random forest, gradient boosting, SRG, eRosita, ART-XC, SDSS, WISE, GALEX, UKIDSS, 2MASS, FIRST, ROSAT, XMM-Newton},
         year = 2018,
        month = dec,
       volume = {44},
       number = {12},
        pages = {735-753},
          doi = {10.1134/S1063773718120058},
       adsurl = {https://ui.adsabs.harvard.edu/abs/2018AstL...44..735M},
      adsnote = {Provided by the SAO/NASA Astrophysics Data System}
}

@ARTICLE{2019MNRAS.489..663B,
       author = {{Brescia}, M. and {Salvato}, M. and {Cavuoti}, S. and {Ananna}, T.~T. and
         {Riccio}, G. and {LaMassa}, S.~M. and {Urry}, C.~M. and {Longo}, G.},
        title = "{Photometric redshifts for X-ray-selected active galactic nuclei in the eROSITA era}",
      journal = {\mnras},
     keywords = {methods: data analysis, methods: statistical, galaxies: active, galaxies: distances and redshifts, X-rays: galaxies, Astrophysics - Instrumentation and Methods for Astrophysics, Astrophysics - Astrophysics of Galaxies},
         year = 2019,
        month = oct,
       volume = {489},
       number = {1},
        pages = {663-680},
          doi = {10.1093/mnras/stz2159},
archivePrefix = {arXiv},
       eprint = {1909.00606},
 primaryClass = {astro-ph.IM},
       adsurl = {https://ui.adsabs.harvard.edu/abs/2019MNRAS.489..663B},
      adsnote = {Provided by the SAO/NASA Astrophysics Data System}
}

@ARTICLE{2020MNRAS.497.1842M,
       author = {{Medvedev}, P. and others},
        title = "{SRG/eROSITA uncovers the most X-ray luminous quasar at z > 6}",
      journal = {\mnras},
     keywords = {galaxies: active, galaxies: high-redshift, galaxies: nuclei, X-rays: general, X-rays: individual: CFHQS J142952+544717, Astrophysics - High Energy Astrophysical Phenomena},
         year = 2020,
        month = aug,
       volume = {497},
       number = {2},
        pages = {1842-1850},
          doi = {10.1093/mnras/staa2051},
archivePrefix = {arXiv},
       eprint = {2007.04735},
 primaryClass = {astro-ph.HE},
       adsurl = {https://ui.adsabs.harvard.edu/abs/2020MNRAS.497.1842M},
      adsnote = {Provided by the SAO/NASA Astrophysics Data System}
}

@ARTICLE{2020AstL...46..149K,
       author = {{Khorunzhev}, G.~A. and others},
        title = "{The First Distant X-ray Quasars () among the Sources Discovered by the eROSITA Telescope of the SRG Orbital Observatory during a Deep Lockman Hole Survey}",
      journal = {Astronomy Letters},
     keywords = {active galactic nuclei, X-ray surveys, photometric redshifts, spectroscopic, SRG, Spektr-RG, SRGz, eROSITA},
         year = 2020,
        month = aug,
       volume = {46},
       number = {3},
        pages = {149-155},
          doi = {10.1134/S1063773720030032},
       adsurl = {https://ui.adsabs.harvard.edu/abs/2020AstL...46..149K},
      adsnote = {Provided by the SAO/NASA Astrophysics Data System}
}

